

@article{cameron2015defining,
  title={Defining the relationship between infection prevalence and clinical incidence of \emph{{Plasmodium falciparum}} malaria},
  author={Cameron, Ewan and Battle, Katherine E and Bhatt, Samir and Weiss, Daniel J and Bisanzio, Donal and Mappin, Bonnie and Dalrymple, Ursula and Hay, Simon I and Smith, David L and Griffin, Jamie T and others},
  journal={Nature communications},
  volume={6},
  year={2015},
  publisher={Nature Research}
}

@article{lindgren2011explicit,
  title={An explicit link between {Gaussian fields} and {Gaussian Markov} random fields: the stochastic partial differential equation approach},
  author={Lindgren,  F. and Rue, H. and Lindstr√∂m, J.},
  journal={J. R. Stat. Soc. Ser. B Stat. Methodol.},
  volume={73},
  issue={4},
  year={2011}
}


@article{sturrock2014fine,
  title={Fine-scale malaria risk mapping from routine aggregated case data},
  author={Sturrock, Hugh JW and Cohen, Justin M and Keil, Petr and Tatem, Andrew J and Le Menach, Arnaud and Ntshalintshali, Nyasatu E and Hsiang, Michelle S and Gosling, Roland D},
  journal={Malaria Journal},
  volume={13},
  number={1},
  pages={421},
  year={2014},
  publisher={BioMed Central}
}
@article{sturrock2016mapping,
  title={Mapping malaria risk in low transmission settings: challenges and opportunities},
  author={Sturrock, Hugh JW and Bennett, Adam F and Midekisa, Alemayehu and Gosling, Roly D and Gething, Peter W and Greenhouse, Bryan},
  journal={Trends in parasitology},
  volume={32},
  number={8},
  pages={635--645},
  year={2016},
  publisher={Elsevier}
}

@article{ohrt2015information,
  title={Information systems to support surveillance for malaria elimination},
  author={Ohrt, Colin and Roberts, Kathryn W and Sturrock, Hugh JW and Wegbreit, Jennifer and Lee, Bruce Y and Gosling, Roly D},
  journal={The American journal of tropical medicine and hygiene},
  volume={93},
  number={1},
  pages={145--152},
  year={2015},
  publisher={ASTMH}
}

@article{simpson2017penalising,
  title={Penalising model component complexity: A principled, practical approach to constructing priors},
  author={Simpson, Daniel and Rue, H{\aa}vard and Riebler, Andrea and Martins, Thiago G and S{\o}rbye, Sigrunn H and others},
  journal={Statistical Science},
  volume={32},
  number={1},
  pages={1--28},
  year={2017},
  publisher={Institute of Mathematical Statistics}
}


@article{fuglstad2018constructing,
  title={Constructing priors that penalize the complexity of Gaussian random fields},
  author={Fuglstad, Geir-Arne and Simpson, Daniel and Lindgren, Finn and Rue, H{\aa}vard},
  journal={Journal of the American Statistical Association},
  pages={1--8},
  year={2018},
  publisher={Taylor \& Francis}
}

  @Article{bayesx,
    title = {{Structured Additive Regression Models}: An {R} Interface to
      {BayesX}},
    author = {Nikolaus Umlauf and Daniel Adler and Thomas Kneib and
      Stefan Lang and Achim Zeileis},
    journal = {Journal of Statistical Software},
    year = {2015},
    volume = {63},
    number = {21},
    pages = {1--46},
    url = {http://www.jstatsoft.org/v63/i21/},
  }

  @article{gething2016mapping,
  title={Mapping \emph{{Plasmodium falciparum}} mortality in {Africa} between 1990 and 2015},
  author={Gething, Peter W and Casey, Daniel C and Weiss, Daniel J and Bisanzio, Donal and Bhatt, Samir and Cameron, Ewan and Battle, Katherine E and Dalrymple, Ursula and Rozier, Jennifer and Rao, Puja C and others},
  journal={New England Journal of Medicine},
  volume={375},
  number={25},
  pages={2435--2445},
  year={2016},
  publisher={Mass Medical Soc}
}

  @Article{TMB,
    title = {{TMB}: Automatic Differentiation and {L}aplace Approximation},
    author = {Kasper Kristensen and Anders Nielsen and Casper W. Berg and Hans Skaug and Bradley M. Bell},
    journal = {Journal of Statistical Software},
    year = {2016},
    volume = {70},
    number = {5},
    pages = {1--21},
    doi = {10.18637/jss.v070.i05},
  }
@article{law2018variational,
  title={Variational Learning on Aggregate Outputs with Gaussian Processes},
  author={Law, Ho Chung Leon and Sejdinovic, Dino and Cameron, Ewan and Lucas, Tim CD and Flaxman, Seth and Battle, Katherine and Fukumizu, Kenji},
  journal={arXiv preprint arXiv:1805.08463},
  year={2018}
}


  @article{bhatt2015effect,
  title={The effect of malaria control on \emph{{Plasmodium falciparum}} in {Africa} between 2000 and 2015},
  author={Bhatt, Samir and Weiss, DJ and Cameron, E and Bisanzio, D and Mappin, B and Dalrymple, U and Battle, KE and Moyes, CL and Henry, A and Eckhoff, PA and others},
  journal={Nature},
  volume={526},
  number={7572},
  pages={207},
  year={2015},
  publisher={Nature Publishing Group}
}

@article{gething2011new,
  title={A new world malaria map: \emph{{Plasmodium falciparum}} endemicity in 2010},
  author={Gething, Peter W and Patil, Anand P and Smith, David L and Guerra, Carlos A and Elyazar, Iqbal RF and Johnston, Geoffrey L and Tatem, Andrew J and Hay, Simon I},
  journal={Malaria Journal},
  volume={10},
  number={1},
  pages={378},
  year={2011},
  publisher={BioMed Central}
}

@book{world2016world,
  title={World malaria report 2016},
  author={{World Health Organization}},
  year={2016},
  isbn={978 92 4 151171 1},
  publisher={{World Health Organization}}
}

@book{world2015world,
  title={World malaria report 2015},
  author={{World Health Organization}},
  year={2015},
  isbn={978 92 4 156515 8},
  publisher={{World Health Organization}}
}

@incollection{rasmussen2004gaussian,
  title={Gaussian processes in machine learning},
  author={Rasmussen, Carl Edward},
  booktitle={Advanced lectures on machine learning},
  pages={63--71},
  year={2004},
  publisher={Springer}
}
@article{roberts2013gaussian,
  title={Gaussian processes for time-series modelling},
  author={Roberts, Stephen and Osborne, Michael and Ebden, Mark and Reece, Steven and Gibson, Neale and Aigrain, Suzanne},
  journal={Phil. Trans. R. Soc. A},
  volume={371},
  number={1984},
  pages={20110550},
  year={2013},
  publisher={The Royal Society}
}
@misc{carey2001mixed,
  title={Mixed-effects models in {S and S-PLUS}},
  author={Carey, VJ and Wang, You-Gan},
  year={2001},
  publisher={Taylor \& Francis}
}
@book{world2012world,
  title={World malaria report 2012},
  author={{World Health Organization}},
  year={2012},
  isbn={978 92 4 156453 3},
  publisher={{World Health Organization}}
}

@Manual{caret,
  title = {{caret: Classification and Regression Training}},
  author = {Max Kuhn and Jed Wing and Steve Weston and Andre Williams and Chris Keefer and Allan Engelhardt and Tony Cooper and Zachary Mayer and Brenton Kenkel and the R Core Team and Michael Benesty and Reynald Lescarbeau and Andrew Ziem and Luca Scrucca and Yuan Tang and Can Candan and Tyler Hunt.},
  year = {2017},
  note = {R package version 6.0-76},
  url = {https://CRAN.R-project.org/package=caret},
}

@article{wilson2017pointless,
  title={Pointless continuous spatial surface reconstruction},
  author={Wilson, Katherine and Wakefield, Jon},
  journal={arXiv preprint arXiv:1709.09659},
  year={2017}
}
@article{smith2007standardizing,
  title={Standardizing estimates of the \emph{Plasmodium falciparum} parasite rate},
  author={Smith, David L and Guerra, Carlos A and Snow, Robert W and Hay, Simon I},
  journal={Malaria Journal},
  volume={6},
  number={1},
  pages={131},
  year={2007},
  publisher={BioMed Central}
}

@article{guerra2007assembling,
  title={{Assembling a global database of malaria parasite prevalence for the Malaria Atlas Project}},
  author={Guerra, Carlos A and Hay, Simon I and Lucioparedes, Lorena S and Gikandi, Priscilla W and Tatem, Andrew J and Noor, Abdisalan M and Snow, Robert W},
  journal={Malaria journal},
  volume={6},
  number={1},
  pages={17},
  year={2007},
  publisher={BioMed Central}
}

@article{pfeffer2018ma,
  title={malariaAtlas: an R interface to global malariometric data hosted by the Malaria Atlas Project},
  author={Pfeffer, Daniel A and Lucas, Timothy CD and May, Daniel and Harris, Joseph and Rozier, Jennifer and Twohig, Katherine A and Dalrymple, Ursula and Guerra, Carlos A and Moyes, Catherine L and Thorn, Mike and others},
  journal={Malaria journal},
  volume={17},
  number={1},
  pages={352},
  year={2018},
  publisher={BioMed Central}
}
@article{taylor2017continuous,
  title={Continuous inference for aggregated point process data},
  author={Taylor, Benjamin M and Andrade-Pacheco, Ricardo and Sturrock, Hugh JW},
  journal={Journal of the Royal Statistical Society: Series A (Statistics in Society)},
  year={2017},
  publisher={Wiley Online Library}
}

@article{li2012log,
  title={Log Gaussian Cox processes and spatially aggregated disease incidence data},
  author={Li, Ye and Brown, Patrick and Gesink, Dionne C and Rue, H{\aa}vard},
  journal={Statistical methods in medical research},
  volume={21},
  number={5},
  pages={479--507},
  year={2012},
  publisher={Sage Publications Sage UK: London, England}
}


@article{cibulskis2011worldwide,
  title={Worldwide incidence of malaria in 2009: estimates, time trends, and a critique of methods},
  author={Cibulskis, Richard E and Aregawi, Maru and Williams, Ryan and Otten, Mac and Dye, Christopher},
  journal={PLoS medicine},
  volume={8},
  number={12},
  pages={e1001142},
  year={2011},
  publisher={Public Library of Science}
}

@article{abajobir2017global,
  title={{Global, regional, and national disability-adjusted life-years (DALYs) for 333 diseases and injuries and healthy life expectancy (HALE) for 195 countries and territories, 1990--2016: a systematic analysis for the Global Burden of Disease Study 2016}},
  author={Abajobir, Amanuel Alemu and Abate, Kalkidan Hassen and Abbafati, Cristiana and Abbas, Kaja M and Abd-Allah, Foad and Abdulkader, Rizwan Suliankatchi and Abdulle, Abdishakur M and Abebo, Teshome Abuka and Abera, Semaw Ferede and Aboyans, Victor and others},
  journal={The Lancet},
  volume={390},
  number={10100},
  pages={1260--1344},
  year={2017},
  publisher={Elsevier}
}

@article{steel2017global,
  title={Global, regional, and national age-sex specific mortality for 264 causes of death, 1980--2016: a systematic analysis for the {Global Burden of Disease Study} 2016},
  author={Steel, Nicholas},
  journal={Lancet},
  volume={390},
  number={10100},
  pages={1151--1210},
  year={2017}
}

@article{battle2015defining,
  title={Defining the relationship between Plasmodium vivax parasite rate and clinical disease},
  author={Battle, Katherine E and Cameron, Ewan and Guerra, Carlos A and Golding, Nick and Duda, Kirsten A and Howes, Rosalind E and Elyazar, Iqbal RF and Price, Ric N and Baird, J Kevin and Reiner, Robert C and others},
  journal={Malaria journal},
  volume={14},
  number={1},
  pages={191},
  year={2015},
  publisher={BioMed Central}
}

@article{battle2016treatment,
  title={Treatment-seeking rates in malaria endemic countries},
  author={Battle, Katherine E and Bisanzio, Donal and Gibson, Harry S and Bhatt, Samir and Cameron, Ewan and Weiss, Daniel J and Mappin, Bonnie and Dalrymple, Ursula and Howes, Rosalind E and Hay, Simon I and others},
  journal={Malaria Journal},
  volume={15},
  number={1},
  pages={20},
  year={2016},
  publisher={BioMed Central}
}

@Article{Macharia2018,
  author="Macharia, Peter M.
  and Giorgi, Emanuele
  and Noor, Abdisalan M.
  and Waqo, Ejersa
  and Kiptui, Rebecca
  and Okiro, Emelda A.
  and Snow, Robert W.",
  title="Spatio-temporal analysis of Plasmodium falciparum prevalence to understand the past and chart the future of malaria control in Kenya",
  journal="Malaria Journal",
  year="2018",
  month="Sep",
  day="26",
  volume="17",
  number="1",
  pages="340",
  doi="10.1186/s12936-018-2489-9",
  url="https://doi.org/10.1186/s12936-018-2489-9"
}



@article{sewe2017using,
  title={Using remote sensing environmental data to forecast malaria incidence at a rural district hospital in Western Kenya},
  author={Sewe, Maquins Odhiambo and Tozan, Yesim and Ahlm, Clas and Rockl{\"o}v, Joacim},
  journal={Scientific reports},
  volume={7},
  number={1},
  pages={2589},
  year={2017},
  publisher={Nature Publishing Group}
}
@article{hundessa2018projecting,
  title={Projecting potential spatial and temporal changes in the distribution of Plasmodium vivax and Plasmodium falciparum malaria in China with climate change},
  author={Hundessa, Samuel and Williams, Gail and Li, Shanshan and Li Liu, De and Cao, Wei and Ren, Hongyan and Guo, Jinpeng and Gasparrini, Antonio and Ebi, Kristie and Zhang, Wenyi and others},
  journal={Science of the Total Environment},
  volume={627},
  pages={1285--1293},
  year={2018},
  publisher={Elsevier}
}


@article{sissoko2017temporal,
  title={Temporal dynamic of malaria in a suburban area along the Niger River},
  author={Sissoko, Mahamadou Soumana and Sissoko, Kourane and Kamate, Bourama and Samake, Yacouba and Goita, Siaka and Dabo, Abdoulaye and Yena, Mama and Dessay, Nadine and Piarroux, Renaud and Doumbo, Ogobara K and others},
  journal={Malaria journal},
  volume={16},
  number={1},
  pages={420},
  year={2017},
  publisher={BioMed Central}
}


@article{reiner2015seasonality,
  title={Seasonality of Plasmodium falciparum transmission: a systematic review},
  author={Reiner, Robert C and Geary, Matthew and Atkinson, Peter M and Smith, David L and Gething, Peter W},
  journal={Malaria journal},
  volume={14},
  number={1},
  pages={343},
  year={2015},
  publisher={BioMed Central}
}


@article{tatem2017worldpop,
  title={WorldPop, open data for spatial demography.},
  author={Tatem, Andrew J},
  journal={Scientific data},
  volume={4},
  pages={170004--170004},
  year={2017},
  publisher={Nature Publishing Group}
}

@article{ranjan2011computationally,
  title={A computationally stable approach to {Gaussian} process interpolation of deterministic computer simulation data},
  author={Ranjan, Pritam and Haynes, Ronald and Karsten, Richard},
  journal={Technometrics},
  volume={53},
  number={4},
  pages={366--378},
  url ={http://www.worldpop.org.uk/},
  year={2011},
  publisher={Taylor \& Francis}
}

@Article{survey,
  year = {2004},
  author = {Thomas Lumley},
  title = {Analysis of Complex Survey Samples},
  journal = {Journal of Statistical Software},
  volume = {9},
  number = {1},
  pages = {1-19},
  note = {R package verson 2.2}
}


@article{macdonald2015gpfit,
  title={{GPfit: An R} Package for Fitting a {Gaussian} Process Model to Deterministic Simulator Outputs},
  author={MacDonald, Blake and Ranjan, Pritam and Chipman, Hugh},
  journal={Journal of Statistical Software},
  volume={64},
  number={1},
  pages={1--23},
  year={2015},
  publisher={Directory of Open Access Journals}
}
  @Manual{R,
    title = {R: A Language and Environment for Statistical Computing},
    author = {{R Core Team}},
    organization = {R Foundation for Statistical Computing},
    address = {Vienna, Austria},
    year = {2018},
    url = {https://www.R-project.org/},
  }


@misc{Cibulskis_pers,
  author = {Cibulskis, RE},
  date = {2017},
  howpublished = {Personal communication 2017 concerning the {Indian Malaria Burden Workshop}, 2010}
}
@article{friedl2010modis,
  title={{MODIS Collection 5 global land cover: Algorithm refinements and characterization of new datasets}},
  author={Friedl, Mark A and Sulla-Menashe, Damien and Tan, Bin and Schneider, Annemarie and Ramankutty, Navin and Sibley, Adam and Huang, Xiaoman},
  journal={Remote sensing of Environment},
  volume={114},
  number={1},
  pages={168--182},
  year={2010},
  publisher={Elsevier}
}

@misc{gpw4,
  author = {NASA},
  title = {{Gridded Population of the World (GPW), v4}},
  url = {http://sedac.ciesin.columbia.edu/data/collection/gpw-v4}
}

 @article{rutstein2006guide,
  title={Guide to {DHS} statistics},
  author={Rutstein, Shea Oscar and Rojas, Guillermo},
  journal={Calverton, MD: ORC Macro},
  year={2006},
  publisher={Citeseer}
}
@article{newby2016path,
  title={The path to eradication: a progress report on the malaria-eliminating countries},
  author={Newby, Gretchen and Bennett, Adam and Larson, Erika and Cotter, Chris and Shretta, Rima and Phillips, Allison A and Feachem, Richard GA},
  journal={The Lancet},
  volume={387},
  number={10029},
  pages={1775--1784},
  year={2016},
  publisher={Elsevier}
}

@article{cohen2017mapping,
  title={Mapping multiple components of malaria risk for improved targeting of elimination interventions},
  author={Cohen, Justin M and Menach, Arnaud and Pothin, Emilie and Eisele, Thomas P and Gething, Peter W and Eckhoff, Philip A and Moonen, Bruno and Schapira, Allan and Smith, David L},
  journal={Malaria Journal},
  volume={16},
  number={1},
  pages={459},
  year={2017},
  publisher={BioMed Central}
}

@misc{worldbank,
  title = {Data: Indicators},
  author = {{The World Bank}},
  url = { http://data.worldbank.org/indicator/all},
  howpublished = {(accessed 23 June 2017)}
}



@misc{dhs,
  title = {{The DHS Program}},
  year = {2017},
  author = {{The DHS Program}},
  url = { http://www.dhsprogram.com/ },
  howpublished = {(accessed 28 July 2017)}
}

@article{steel2017global,
  title={Global, regional, and national age-sex specific mortality for 264 causes of death, 1980--2016: a systematic analysis for the Global Burden of Disease Study 2016},
  author={Steel, Nicholas et al.},
  journal={Lancet},
  volume={390},
  number={10100},
  pages={1151--1210},
  year={2017}
}

@article{weiss2018global,
  title={A global map of travel time to cities to assess inequalities in accessibility in 2015},
  author={Weiss, DJ and Nelson, A and Gibson, HS and Temperley, W and Peedell, S and Lieber, A and Hancher, M and Poyart, E and Belchior, S and Fullman, N and others},
  journal={Nature},
  year={2018},
  publisher={Nature Publishing Group}
}

@article{weiss2014air,
  title={Air temperature suitability for \emph{Plasmodium falciparum} malaria transmission in Africa 2000-2012: a high-resolution spatiotemporal prediction},
  author={Weiss, Daniel J and Bhatt, Samir and Mappin, Bonnie and Van Boeckel, Thomas P and Smith, David L and Hay, Simon I and Gething, Peter W},
  journal={Malaria Journal},
  volume={13},
  number={1},
  pages={171},
  year={2014},
  publisher={BioMed Central}
}






@article{weiss2014gapfill,
  title = {An effective approach for gap-filling continental scale remotely sensed time-series},
  journal = {ISPRS Journal of Photogrammetry and Remote Sensing},
  volume = {98},
  pages = {106--118},
  year = {2014},
  issn = {0924-2716},
  doi = {https://doi.org/10.1016/j.isprsjprs.2014.10.001},
  author = {Daniel J. Weiss and Peter M. Atkinson and Samir Bhatt and Bonnie Mappin and Simon I. Hay and Peter W. Gething},
  keywords = {Gap-filling, MODIS, EVI, LST, Africa}
}

@article {worldclim2005,
  author = {Hijmans, Robert J. and Cameron, Susan E. and Parra, Juan L. and Jones, Peter G. and Jarvis, Andy},
  title = {Very high resolution interpolated climate surfaces for global land areas},
  journal = {International Journal of Climatology},
  volume = {25},
  number = {15},
  publisher = {John Wiley & Sons, Ltd.},
  issn = {1097-0088},
  doi = {10.1002/joc.1276},
  pages = {1965--1978},
  keywords = {ANUSPLIN, climate, error, GIS, interpolation, temperature, precipitation, uncertainty},
  year = {2005}
}

@article{zomer2008ariditypet,
  title = "Climate change mitigation: A spatial analysis of global land suitability for clean development mechanism afforestation and reforestation",
  journal = "Agriculture, Ecosystems & Environment",
  volume = "126",
  number = "1",
  pages = "67 - 80",
  year = "2008",
  note = "International Agricultural Research and Climate Change: A Focus on Tropical Systems",
  issn = "0167-8809",
  doi = "https://doi.org/10.1016/j.agee.2008.01.014",
  author = "Robert J. Zomer and Antonio Trabucco and Deborah A. Bossio and Louis V. Verchot",
  keywords = "Climate change, Afforestation, Reforestation, Land use, Spatial modeling, Trees, Forests, Carbon, CDM-AR, Land use change"
}

@article{esch2017guf,
  title = "Breaking new ground in mapping human settlements from space - {The Global Urban Footprint}",
  journal = "ISPRS Journal of Photogrammetry and Remote Sensing",
  volume = "134",
  pages = "30 - 42",
  year = "2017",
  issn = "0924-2716",
  doi = "https://doi.org/10.1016/j.isprsjprs.2017.10.012",
  url = "http://www.sciencedirect.com/science/article/pii/S0924271617301880",
  author = "Thomas Esch and Wieke Heldens and Andreas Hirner and Manfred Keil and Mattia Marconcini and Achim Roth and Julian Zeidler and Stefan Dech and Emanuele Strano",
  keywords = "Global mapping, Human settlements, Urbanization, Automation, Processing, Image analysis, Texture, TerraSAR-X, TanDEM-X"
}

@article{esch2011guf,
	author={T. Esch and A. Schenk and T. Ullmann and M. Thiel and A. Roth and S. Dech},
	journal={IEEE Transactions on Geoscience and Remote Sensing},
	title={Characterization of Land Cover Types in {TerraSAR-X} Images by Combined Analysis of Speckle Statistics and Intensity Information},
	year={2011},
	volume={49},
	number={6},
	pages={1911-1925},
	keywords={fuzzy reasoning;geophysical image processing;image texture;remote sensing by radar;speckle;synthetic aperture radar;terrain mapping;TerraSAR-X images;fuzzy classification;intensity information;land cover type;open land;radiometric information;speckle noise;speckle statistics;synthetic aperture radar;textural information;urban area;water;woodland;Computed tomography;Estimation;Histograms;Noise;Pixel;Speckle;Classification;Synthetic Aperture Radar (SAR);TerraSAR-X (TSX);land cover (LC);speckle;statistical distribution;texture},
	doi={10.1109/TGRS.2010.2091644},
	ISSN={0196-2892},
	month={June}
}



@article{areas2012gadm,
  title={{GADM} database of {Global Administrative Area}s, version 2.8},
  url={http://www.gadm.org},
  year={2015}
}


@article{gaul,
  title={The {Global Administrative Unit Layers (GAUL)}},
  author={FAO},
  url={http://www.fao.org/geonetwork/srv/en/main.home#boundaries},
  year={2015}
}


@article{guerra2007assembling,
  title={Assembling a global database of malaria parasite prevalence for the {Malaria Atlas Project}},
  author={Guerra, Carlos A and Hay, Simon I and Lucioparedes, Lorena S and Gikandi, Priscilla W and Tatem, Andrew J and Noor, Abdisalan M and Snow, Robert W},
  journal={Malaria Journal},
  volume={6},
  number={1},
  pages={17},
  year={2007},
  publisher={BioMed Central}
}


@misc{caret,
  title = {{caret: Classification and Regression Training}},
  author = {Max Kuhn. Contributions from Jed Wing and Steve Weston and Andre Williams and Chris Keefer and Allan Engelhardt and Tony Cooper and Zachary Mayer and Brenton Kenkel and the R Core Team and Michael Benesty and Reynald Lescarbeau and Andrew Ziem and Luca Scrucca and Yuan Tang and Can Candan and Tyler Hunt.},
  year = {2017},
  note = {R package version 6.0-78},
  url = {https://CRAN.R-project.org/package=caret},
}



@article{Forestprop,
  title = {{Land Cover Type Yearly L3 Global 500m SIN Grid. Version 051.}},
  year = {2013},
  author = {{NASA LP DAAC}},
  location = {NASA EOSDIS Land Processes DAAC, USGS Earth Resources Observation and Science (EROS) Center, Sioux Falls, South Dakota},
  url = {https://lpdaac.usgs.gov},
  howpublished = {(accessed 16 February 2016)}
}


@misc{LST,
  title = {{Land Surface Temperature and Emissivity 8-Day L3 Global 1km. Version 005.}},
  year = {2015},
  author = {{NASA LP DAAC}},
  publisher = {NASA EOSDIS Land Processes DAAC, USGS Earth Resources Observation and Science (EROS) Center, Sioux Falls, South Dakota},
  url = {https://lpdaac.usgs.gov},
  howpublished = {(accessed 28 January 2016)}
}


@misc{TCB,
  title = {{Nadir BRDF- Adjusted Reflectance Reflectance 16-Day L3 Global 1km. Version 005.}},
  year = {2015},
  author = {{NASA LP DAAC}},
  publisher = {NASA EOSDIS Land Processes DAAC, USGS Earth Resources Observation and Science (EROS) Center, Sioux Falls, South Dakota},
  url = {https://lpdaac.usgs.gov},
  howpublished = {(accessed 12 February 2016)}
}

@misc{SRTMElev,
  title = {{SRTMGL3S: NASA Shuttle Radar Topography Mission Global 3 arc second sub-sampled. Version 003.}},
  year = {2013},
  author = {{NASA LP DAAC}},
  publisher = {NASA EOSDIS Land Processes DAAC, USGS Earth Resources Observation and Science (EROS) Center, Sioux Falls, South Dakota},
  url = {https://lpdaac.usgs.gov},
  howpublished = {(accessed 12 September 2017)}
}


@Article{INLA,
  title = {Bayesian Spatial Modelling with {R}-{INLA}},
  author = {Finn Lindgren and H{\aa}vard Rue},
  journal = {Journal of Statistical Software},
  year = {2015},
  volume = {63},
  number = {19},
  pages = {1--25},
  url = {http://www.jstatsoft.org/v63/i19/},
}


@Article{randomForest,
  title = {{Classification and Regression by randomForest}},
  author = {Andy Liaw and Matthew Wiener},
  journal = {R News},
  year = {2002},
  volume = {2},
  number = {3},
  pages = {18-22},
  url = {http://CRAN.R-project.org/doc/Rnews/},
}





@Manual{enet,
  title = {{elasticnet: Elastic-Net for Sparse Estimation and Sparse PCA}},
  author = {Hui Zou and Trevor Hastie},
  year = {2012},
  note = {R package version 1.1},
  url = {https://CRAN.R-project.org/package=elasticnet},
}




@Manual{gbm,
  title = {{gbm: Generalized Boosted Regression Models}},
  author = {Greg Ridgeway with contributions from others},
  year = {2017},
  note = {R package version 2.1.3},
  url = {https://CRAN.R-project.org/package=gbm},
}


@Book{MASS,
  title = {{Modern Applied Statistics with S}},
  author = {W. N. Venables and B. D. Ripley},
  publisher = {Springer},
  edition = {Fourth},
  address = {New York},
  year = {2002},
  note = {ISBN 0-387-95457-0},
  url = {http://www.stats.ox.ac.uk/pub/MASS4},
}



@Manual{earth,
  title = {{earth: Multivariate Adaptive Regression Splines}},
  author = {Stephen Milborrow. Derived from mda:mars by Trevor Hastie and Rob Tibshirani. Uses Alan Miller's Fortran utilities with Thomas Lumley's leaps wrapper.},
  year = {2017},
  note = {R package version 4.6.0},
  url = {https://CRAN.R-project.org/package=earth},
}



  @Manual{cubist,
    title = {Cubist: Rule- And Instance-Based Regression Modeling},
    author = {Max Kuhn and Ross Quinlan},
    year = {2017},
    note = {R package version 0.2.1},
    url = {https://CRAN.R-project.org/package=Cubist},
  }



@article{gething2012long,
  title={A long neglected world malaria map: \emph{Plasmodium vivax} endemicity in 2010},
  author={Gething, Peter W and Elyazar, Iqbal RF and Moyes, Catherine L and Smith, David L and Battle, Katherine E and Guerra, Carlos A and Patil, Anand P and Tatem, Andrew J and Howes, Rosalind E and Myers, Monica F and others},
  journal={PLoS neglected tropical diseases},
  volume={6},
  number={9},
  pages={e1814},
  year={2012},
  publisher={Public Library of Science}
}


@article{bhatt2017improved,
  title={Improved prediction accuracy for disease risk mapping using Gaussian process stacked generalization},
  author={Bhatt, Samir and Cameron, Ewan and Flaxman, Seth R and Weiss, Daniel J and Smith, David L and Gething, Peter W},
  journal={Journal of The Royal Society Interface},
  volume={14},
  number={134},
  pages={20170520},
  year={2017},
  publisher={The Royal Society}
}
















